@ARTICLE{W+B16,
   author = {{Wagner}, J. and {Bartelmann}, M.},
    title = "{Model-independent characterisation of strong gravitational lenses}",
  journal = {\aap},
archivePrefix = "arXiv",
   eprint = {1510.03171},
 keywords = {dark matter, gravitational lensing: strong, methods: data analysis, methods: analytical, galaxies: clusters: general, galaxies: luminosity function, mass function},
     year = 2016,
    month = may,
   volume = 590,
      eid = {A34},
    pages = {A34},
      doi = {10.1051/0004-6361/201527540},
   adsurl = {http://adsabs.harvard.edu/abs/2016A%26A...590A..34W},
  adsnote = {Provided by the SAO/NASA Astrophysics Data System}
}

@ARTICLE{S+S13,
   author = {{Schneider}, P. and {Sluse}, D.},
    title = "{Mass-sheet degeneracy, power-law models and external convergence: Impact on the determination of the Hubble constant from gravitational lensing}",
  journal = {\aap},
archivePrefix = "arXiv",
   eprint = {1306.0901},
 keywords = {cosmological parameters, gravitational lensing: strong},
     year = 2013,
    month = nov,
   volume = 559,
      eid = {A37},
    pages = {A37},
      doi = {10.1051/0004-6361/201321882},
   adsurl = {http://adsabs.harvard.edu/abs/2013A%26A...559A..37S},
  adsnote = {Provided by the SAO/NASA Astrophysics Data System}
}

@ARTICLE{S+S14,
   author = {{Schneider}, P. and {Sluse}, D.},
    title = "{Source-position transformation: an approximate invariance in strong gravitational lensing}",
  journal = {\aap},
archivePrefix = "arXiv",
   eprint = {1306.4675},
 keywords = {gravitational lensing: strong, cosmological parameters},
     year = 2014,
    month = apr,
   volume = 564,
      eid = {A103},
    pages = {A103},
      doi = {10.1051/0004-6361/201322106},
   adsurl = {http://adsabs.harvard.edu/abs/2014A%26A...564A.103S},
  adsnote = {Provided by the SAO/NASA Astrophysics Data System}
}

@article{NFW97,
	Adsnote = {Provided by the SAO/NASA Astrophysics Data System},
	Adsurl = {http://adsabs.harvard.edu/abs/1997ApJ...490..493N},
	Author = {{Navarro}, J.~F. and {Frenk}, C.~S. and {White}, S.~D.~M.},
	Doi = {10.1086/304888},
	Eprint = {arXiv:astro-ph/9611107},
	Journal = {\apj},
	Keywords = {COSMOLOGY: THEORY, COSMOLOGY: DARK MATTER, GALAXIES: HALOS, METHODS: NUMERICAL},
	Month = dec,
	Pages = {493-+},
	Title = {{A Universal Density Profile from Hierarchical Clustering}},
	Volume = 490,
	Year = 1997,
	Bdsk-Url-1 = {http://dx.doi.org/10.1086/304888}}

@article{deV48,
	Adsnote = {Provided by the SAO/NASA Astrophysics Data System},
	Adsurl = {http://adsabs.harvard.edu/abs/1948AnAp...11..247D},
	Author = {{de Vaucouleurs}, G.},
	Journal = {Annales d'Astrophysique},
	Month = jan,
	Pages = {247},
	Title = {{Recherches sur les Nebuleuses Extragalactiques}},
	Volume = 11,
	Year = 1948
}

@ARTICLE{Mac++08,
   author = {{Macci{\`o}}, A.~V. and {Dutton}, A.~A. and {van den Bosch}, F.~C.
    },
    title = "{Concentration, spin and shape of dark matter haloes as a function of the cosmological model: WMAP1, WMAP3 and WMAP5 results}",
  journal = {\mnras},
archivePrefix = "arXiv",
   eprint = {0805.1926},
 keywords = {gravitation , methods: N-body simulation , methods: numerical , galaxies: haloes , cosmology: theory , dark matter},
     year = 2008,
    month = dec,
   volume = 391,
    pages = {1940-1954},
      doi = {10.1111/j.1365-2966.2008.14029.x},
   adsurl = {http://adsabs.harvard.edu/abs/2008MNRAS.391.1940M},
  adsnote = {Provided by the SAO/NASA Astrophysics Data System}
}

@ARTICLE{New++12,
   author = {{Newman}, A.~B. and {Ellis}, R.~S. and {Bundy}, K. and {Treu}, T.
	},
    title = "{Can Minor Merging Account for the Size Growth of Quiescent Galaxies? New Results from the CANDELS Survey}",
  journal = {\apj},
archivePrefix = "arXiv",
   eprint = {1110.1637},
 keywords = {galaxies: evolution, galaxies: formation, galaxies: fundamental parameters, galaxies: structure},
     year = 2012,
    month = feb,
   volume = 746,
      eid = {162},
    pages = {162},
      doi = {10.1088/0004-637X/746/2/162},
   adsurl = {http://adsabs.harvard.edu/abs/2012ApJ...746..162N},
  adsnote = {Provided by the SAO/NASA Astrophysics Data System}
}

@ARTICLE{Won++17,
   author = {{Wong}, K.~C. and {Suyu}, S.~H. and {Auger}, M.~W. and {Bonvin}, V. and 
	{Courbin}, F. and {Fassnacht}, C.~D. and {Halkola}, A. and {Rusu}, C.~E. and 
	{Sluse}, D. and {Sonnenfeld}, A. and {Treu}, T. and {Collett}, T.~E. and 
	{Hilbert}, S. and {Koopmans}, L.~V.~E. and {Marshall}, P.~J. and 
	{Rumbaugh}, N.},
    title = "{H0LiCOW - IV. Lens mass model of HE 0435-1223 and blind measurement of its time-delay distance for cosmology}",
  journal = {\mnras},
archivePrefix = "arXiv",
   eprint = {1607.01403},
 keywords = {gravitational lensing: strong, cosmological parameters, distance scale},
     year = 2017,
    month = mar,
   volume = 465,
    pages = {4895-4913},
      doi = {10.1093/mnras/stw3077},
   adsurl = {http://adsabs.harvard.edu/abs/2017MNRAS.465.4895W},
  adsnote = {Provided by the SAO/NASA Astrophysics Data System}
}

@ARTICLE{Suy++13,
   author = {{Suyu}, S.~H. and {Auger}, M.~W. and {Hilbert}, S. and {Marshall}, P.~J. and 
	{Tewes}, M. and {Treu}, T. and {Fassnacht}, C.~D. and {Koopmans}, L.~V.~E. and 
	{Sluse}, D. and {Blandford}, R.~D. and {Courbin}, F. and {Meylan}, G.
	},
    title = "{Two Accurate Time-delay Distances from Strong Lensing: Implications for Cosmology}",
  journal = {\apj},
archivePrefix = "arXiv",
   eprint = {1208.6010},
 keywords = {distance scale, galaxies: individual: RXJ1131{\ndash}1231, gravitational lensing: strong, methods: data analysis},
     year = 2013,
    month = apr,
   volume = 766,
      eid = {70},
    pages = {70},
      doi = {10.1088/0004-637X/766/2/70},
   adsurl = {http://adsabs.harvard.edu/abs/2013ApJ...766...70S},
  adsnote = {Provided by the SAO/NASA Astrophysics Data System}
}

@ARTICLE{Zha96,
   author = {{Zhao}, H.},
    title = "{Analytical models for galactic nuclei}",
  journal = {\mnras},
   eprint = {astro-ph/9509122},
 keywords = {METHODS: ANALYTICAL, CELESTIAL MECHANICS, STELLAR DYNAMICS, GALAXIES: KINEMATICS AND DYNAMICS, GALAXIES: NUCLEI},
     year = 1996,
    month = jan,
   volume = 278,
    pages = {488-496},
      doi = {10.1093/mnras/278.2.488},
   adsurl = {http://adsabs.harvard.edu/abs/1996MNRAS.278..488Z},
  adsnote = {Provided by the SAO/NASA Astrophysics Data System}
}

@ARTICLE{FGS85,
   author = {{Falco}, E.~E. and {Gorenstein}, M.~V. and {Shapiro}, I.~I.},
    title = "{On model-dependent bounds on H(0) from gravitational images Application of Q0957 + 561A,B}",
  journal = {\apjl},
 keywords = {Astronomical Models, Background Radiation, Gravitational Lenses, Mass Distribution, Quasars, Radiation Sources, Galactic Clusters, Geometrical Optics, Hubble Diagram},
     year = 1985,
    month = feb,
   volume = 289,
    pages = {L1-L4},
      doi = {10.1086/184422},
   adsurl = {http://adsabs.harvard.edu/abs/1985ApJ...289L...1F},
  adsnote = {Provided by the SAO/NASA Astrophysics Data System}
}

@ARTICLE{Suy++17,
   author = {{Suyu}, S.~H. and {Bonvin}, V. and {Courbin}, F. and {Fassnacht}, C.~D. and 
	{Rusu}, C.~E. and {Sluse}, D. and {Treu}, T. and {Wong}, K.~C. and 
	{Auger}, M.~W. and {Ding}, X. and {Hilbert}, S. and {Marshall}, P.~J. and 
	{Rumbaugh}, N. and {Sonnenfeld}, A. and {Tewes}, M. and {Tihhonova}, O. and 
	{Agnello}, A. and {Blandford}, R.~D. and {Chen}, G.~C.-F. and 
	{Collett}, T. and {Koopmans}, L.~V.~E. and {Liao}, K. and {Meylan}, G. and 
	{Spiniello}, C.},
    title = "{H0LiCOW - I. H$_{0}$ Lenses in COSMOGRAIL's Wellspring: program overview}",
  journal = {\mnras},
archivePrefix = "arXiv",
   eprint = {1607.00017},
 keywords = {gravitational lensing: strong, quasars: individual: B1608+656, RXJ1131-1231, HE 0435-1223, WFI2033-4723, HE 1104-1805, galaxies: structure, cosmological parameters, distance scale},
     year = 2017,
    month = jul,
   volume = 468,
    pages = {2590-2604},
      doi = {10.1093/mnras/stx483},
   adsurl = {http://adsabs.harvard.edu/abs/2017MNRAS.468.2590S},
  adsnote = {Provided by the SAO/NASA Astrophysics Data System}
}

@ARTICLE{Bon++17,
   author = {{Bonvin}, V. and {Courbin}, F. and {Suyu}, S.~H. and {Marshall}, P.~J. and 
	{Rusu}, C.~E. and {Sluse}, D. and {Tewes}, M. and {Wong}, K.~C. and 
	{Collett}, T. and {Fassnacht}, C.~D. and {Treu}, T. and {Auger}, M.~W. and 
	{Hilbert}, S. and {Koopmans}, L.~V.~E. and {Meylan}, G. and 
	{Rumbaugh}, N. and {Sonnenfeld}, A. and {Spiniello}, C.},
    title = "{H0LiCOW - V. New COSMOGRAIL time delays of HE 0435-1223: H$_{0}$ to 3.8 per cent precision from strong lensing in a flat {$\Lambda$}CDM model}",
  journal = {\mnras},
archivePrefix = "arXiv",
   eprint = {1607.01790},
 keywords = {gravitational lensing: strong, galaxies: individual: HE 0435-1223, cosmology: observations, distance scale},
     year = 2017,
    month = mar,
   volume = 465,
    pages = {4914-4930},
      doi = {10.1093/mnras/stw3006},
   adsurl = {http://adsabs.harvard.edu/abs/2017MNRAS.465.4914B},
  adsnote = {Provided by the SAO/NASA Astrophysics Data System}
}

@ARTICLE{Bir++16,
   author = {{Birrer}, S. and {Amara}, A. and {Refregier}, A.},
    title = "{The mass-sheet degeneracy and time-delay cosmography: analysis of the strong lens RXJ1131-1231}",
  journal = {\jcap},
archivePrefix = "arXiv",
   eprint = {1511.03662},
     year = 2016,
    month = aug,
   volume = 8,
      eid = {020},
    pages = {020},
      doi = {10.1088/1475-7516/2016/08/020},
   adsurl = {http://adsabs.harvard.edu/abs/2016JCAP...08..020B},
  adsnote = {Provided by the SAO/NASA Astrophysics Data System}
}

@ARTICLE{T+M16,
   author = {{Treu}, T. and {Marshall}, P.~J.},
    title = "{Time delay cosmography}",
  journal = {\aapr},
archivePrefix = "arXiv",
   eprint = {1605.05333},
 keywords = {Cosmology, Gravitational lensing, Gravity, Dark energy},
     year = 2016,
    month = jul,
   volume = 24,
      eid = {11},
    pages = {11},
      doi = {10.1007/s00159-016-0096-8},
   adsurl = {http://adsabs.harvard.edu/abs/2016A%26ARv..24...11T},
  adsnote = {Provided by the SAO/NASA Astrophysics Data System}
}

@ARTICLE{Gav++07,
   author = {{Gavazzi}, R. and {Treu}, T. and {Rhodes}, J.~D. and {Koopmans}, L.~V.~E. and 
    {Bolton}, A.~S. and {Burles}, S. and {Massey}, R.~J. and {Moustakas}, L.~A.
    },
    title = "{The Sloan Lens ACS Survey. IV. The Mass Density Profile of Early-Type Galaxies out to 100 Effective Radii}",
  journal = {\apj},
   eprint = {astro-ph/0701589},
 keywords = {Cosmology: Dark Matter, Galaxies: Elliptical and Lenticular, cD, Galaxies: Structure, Cosmology: Gravitational Lensing},
     year = 2007,
    month = sep,
   volume = 667,
    pages = {176-190},
      doi = {10.1086/519237},
   adsurl = {http://adsabs.harvard.edu/abs/2007ApJ...667..176G},
  adsnote = {Provided by the SAO/NASA Astrophysics Data System}
}

@ARTICLE{Aug++10,
   author = {{Auger}, M.~W. and {Treu}, T. and {Bolton}, A.~S. and {Gavazzi}, R. and 
    {Koopmans}, L.~V.~E. and {Marshall}, P.~J. and {Moustakas}, L.~A. and 
    {Burles}, S.},
    title = "{The Sloan Lens ACS Survey. X. Stellar, Dynamical, and Total Mass Correlations of Massive Early-type Galaxies}",
  journal = {\apj},
archivePrefix = "arXiv",
   eprint = {1007.2880},
 keywords = {dark matter, galaxies: elliptical and lenticular, cD, galaxies: fundamental parameters, galaxies: structure, gravitational lensing: strong},
     year = 2010,
    month = nov,
   volume = 724,
    pages = {511-525},
      doi = {10.1088/0004-637X/724/1/511},
   adsurl = {http://adsabs.harvard.edu/abs/2010ApJ...724..511A},
  adsnote = {Provided by the SAO/NASA Astrophysics Data System}
}

@ARTICLE{Beh++13,
   author = {{Behroozi}, P.~S. and {Wechsler}, R.~H. and {Conroy}, C.},
    title = "{The Average Star Formation Histories of Galaxies in Dark Matter Halos from z = 0-8}",
  journal = {\apj},
archivePrefix = "arXiv",
   eprint = {1207.6105},
 primaryClass = "astro-ph.CO",
 keywords = {dark matter, galaxies: abundances, galaxies: evolution, methods: numerical},
     year = 2013,
    month = jun,
   volume = 770,
      eid = {57},
    pages = {57},
      doi = {10.1088/0004-637X/770/1/57},
   adsurl = {http://adsabs.harvard.edu/abs/2013ApJ...770...57B},
  adsnote = {Provided by the SAO/NASA Astrophysics Data System}
}

@ARTICLE{STA17,
   author = {{Shajib}, A.~J. and {Treu}, T. and {Agnello}, A.},
    title = "{Improving time-delay cosmography with spatially resolved kinematics}",
  journal = {ArXiv e-prints},
archivePrefix = "arXiv",
   eprint = {1709.01517},
 keywords = {Astrophysics - Cosmology and Nongalactic Astrophysics},
     year = 2017,
    month = sep,
   adsurl = {http://adsabs.harvard.edu/abs/2017arXiv170901517S},
  adsnote = {Provided by the SAO/NASA Astrophysics Data System}
}

@ARTICLE{Suy++14,
   author = {{Suyu}, S.~H. and {Treu}, T. and {Hilbert}, S. and {Sonnenfeld}, A. and 
	{Auger}, M.~W. and {Blandford}, R.~D. and {Collett}, T. and 
	{Courbin}, F. and {Fassnacht}, C.~D. and {Koopmans}, L.~V.~E. and 
	{Marshall}, P.~J. and {Meylan}, G. and {Spiniello}, C. and {Tewes}, M.
	},
    title = "{Cosmology from Gravitational Lens Time Delays and Planck Data}",
  journal = {\apjl},
archivePrefix = "arXiv",
   eprint = {1306.4732},
 keywords = {distance scale, galaxies: individual: RXJ1131-1231, gravitational lensing: strong, methods: data analysis},
     year = 2014,
    month = jun,
   volume = 788,
      eid = {L35},
    pages = {L35},
      doi = {10.1088/2041-8205/788/2/L35},
   adsurl = {http://adsabs.harvard.edu/abs/2014ApJ...788L..35S},
  adsnote = {Provided by the SAO/NASA Astrophysics Data System}
}

@ARTICLE{Suy12,
   author = {{Suyu}, S.~H.},
    title = "{Cosmography from two-image lens systems: overcoming the lens profile slope degeneracy}",
  journal = {\mnras},
archivePrefix = "arXiv",
   eprint = {1202.0287},
 keywords = {gravitational lensing: strong, methods: data analysis, distance scale},
     year = 2012,
    month = oct,
   volume = 426,
    pages = {868-879},
      doi = {10.1111/j.1365-2966.2012.21661.x},
   adsurl = {http://adsabs.harvard.edu/abs/2012MNRAS.426..868S},
  adsnote = {Provided by the SAO/NASA Astrophysics Data System}
}

@ARTICLE{Suy++10,
   author = {{Suyu}, S.~H. and {Marshall}, P.~J. and {Auger}, M.~W. and {Hilbert}, S. and 
	{Blandford}, R.~D. and {Koopmans}, L.~V.~E. and {Fassnacht}, C.~D. and 
	{Treu}, T.},
    title = "{Dissecting the Gravitational lens B1608+656. II. Precision Measurements of the Hubble Constant, Spatial Curvature, and the Dark Energy Equation of State}",
  journal = {\apj},
archivePrefix = "arXiv",
   eprint = {0910.2773},
 primaryClass = "astro-ph.CO",
 keywords = {cosmology: observations, distance scale, galaxies: individual: B1608+656, gravitational lensing: strong, methods: data analysis},
     year = 2010,
    month = mar,
   volume = 711,
    pages = {201-221},
      doi = {10.1088/0004-637X/711/1/201},
   adsurl = {http://adsabs.harvard.edu/abs/2010ApJ...711..201S},
  adsnote = {Provided by the SAO/NASA Astrophysics Data System}
}

@ARTICLE{Agn++16,
   author = {{Agnello}, A. and {Sonnenfeld}, A. and {Suyu}, S.~H. and {Treu}, T. and 
	{Fassnacht}, C.~D. and {Mason}, C. and {Brada{\v c}}, M. and 
	{Auger}, M.~W.},
    title = "{Spectroscopy and high-resolution imaging of the gravitational lens SDSS J1206+4332}",
  journal = {\mnras},
 keywords = {gravitational lensing: strong, methods: observational, methods: statistical, galaxies: kinematics and dynamics, quasars: emission lines, distance scale},
     year = 2016,
    month = jun,
   volume = 458,
    pages = {3830-3838},
      doi = {10.1093/mnras/stw529},
   adsurl = {http://adsabs.harvard.edu/abs/2016MNRAS.458.3830A},
  adsnote = {Provided by the SAO/NASA Astrophysics Data System}
}

@BOOK{B+T87,
   author = {{Binney}, J. and {Tremaine}, S.},
    title = "{Galactic dynamics}",
 keywords = {Astrophysics, Celestial Mechanics, Galactic Structure, Milky Way Galaxy, Dark Matter, Galactic Evolution, Jeans Theory, Orbital Mechanics, Potential Theory, Stellar Evolution, Stellar Systems},
booktitle = {Princeton, NJ, Princeton University Press, 1987, 747 p.},
     year = 1987,
   adsurl = {http://adsabs.harvard.edu/abs/1987gady.book.....B},
  adsnote = {Provided by the SAO/NASA Astrophysics Data System}
}

@ARTICLE{P+S97,
   author = {{Prugniel}, P. and {Simien}, F.},
    title = "{The fundamental plane of early-type galaxies: non-homology of the spatial structure.}",
  journal = {\aap},
 keywords = {GALAXIES: ELLIPTICAL {\amp} LENTICULAR, CD, GALAXIES: FUNDAMENTAL PARAMETERS, GALAXIES: GENERAL, GALAXIES: PHOTOMETRY, GALAXIES: KINEMATICS AND DYNAMICS},
     year = 1997,
    month = may,
   volume = 321,
    pages = {111-122},
   adsurl = {http://adsabs.harvard.edu/abs/1997A%26A...321..111P},
  adsnote = {Provided by the SAO/NASA Astrophysics Data System}
}

@ARTICLE{Xu++16,
   author = {{Xu}, D. and {Sluse}, D. and {Schneider}, P. and {Springel}, V. and 
    {Vogelsberger}, M. and {Nelson}, D. and {Hernquist}, L.},
    title = "{Lens galaxies in the Illustris simulation: power-law models and the bias of the Hubble constant from time delays}",
  journal = {\mnras},
archivePrefix = "arXiv",
   eprint = {1507.07937},
 keywords = {gravitational lensing: strong, galaxies: haloes, galaxies: structure, cosmology: theory, dark matter},
     year = 2016,
    month = feb,
   volume = 456,
    pages = {739-755},
      doi = {10.1093/mnras/stv2708},
   adsurl = {http://adsabs.harvard.edu/abs/2016MNRAS.456..739X},
  adsnote = {Provided by the SAO/NASA Astrophysics Data System}
}

@ARTICLE{Koc02,
   author = {{Kochanek}, C.~S.},
    title = "{What Do Gravitational Lens Time Delays Measure?}",
  journal = {\apj},
   eprint = {astro-ph/0205319},
 keywords = {Cosmology: Cosmological Parameters, Cosmology: Dark Matter, Cosmology: Distance Scale, Galaxies: Halos, Cosmology: Gravitational Lensing},
     year = 2002,
    month = oct,
   volume = 578,
    pages = {25-32},
      doi = {10.1086/342476},
   adsurl = {http://adsabs.harvard.edu/abs/2002ApJ...578...25K},
  adsnote = {Provided by the SAO/NASA Astrophysics Data System}
}

@ARTICLE{Wag17,
   author = {{Wagner}, J.},
    title = "{Generalised model-independent characterisation of strong gravitational lenses. I. Theoretical foundations}",
  journal = {\aap},
archivePrefix = "arXiv",
   eprint = {1612.01793},
 keywords = {dark matter, gravitational lensing: strong, methods: data analysis, methods: analytical, galaxies: clusters: general, galaxies: luminosity function, mass function},
     year = 2017,
    month = may,
   volume = 601,
      eid = {A131},
    pages = {A131},
      doi = {10.1051/0004-6361/201630200},
   adsurl = {http://adsabs.harvard.edu/abs/2017A%26A...601A.131W},
  adsnote = {Provided by the SAO/NASA Astrophysics Data System}
}

@ARTICLE{Wag17b,
   author = {{Wagner}, J.},
    title = "{Model-independent characterisation of perturbers to strong gravitational lenses with almost point-like caustics}",
  journal = {ArXiv e-prints},
archivePrefix = "arXiv",
   eprint = {1705.07195},
 keywords = {Astrophysics - Cosmology and Nongalactic Astrophysics},
     year = 2017,
    month = may,
   adsurl = {http://adsabs.harvard.edu/abs/2017arXiv170507195W},
  adsnote = {Provided by the SAO/NASA Astrophysics Data System}
}

